Data,Hora,Data Valor,Produto,ISIN,Descrição,T.,Mudança,,Saldo,,ID da Ordem
02-10-2020,09:00,02-10-2020,B.COM.PORTUGUES,PTBCP0AM0015,Comissão de transação,,EUR,"-0,50",EUR,"60,61",84a469a5-7e30-4699-958b-1d9d1c9d12bc
02-10-2020,09:00,02-10-2020,B.COM.PORTUGUES,PTBCP0AM0015,"Venda 7 B.COM.PORTUGUES@0,0791 EUR (PTBCP0AM0015)",,EUR,"0,55",EUR,"61,11",84a469a5-7e30-4699-958b-1d9d1c9d12bc
01-10-2020,06:30,30-09-2020,,,Flatex Interest,,EUR,"-0,02",EUR,"60,55",
10-09-2020,12:45,10-09-2020,,,"Depósitos na sua Conta Caixa na flatex Bank: 60,57 EUR",,,,EUR,"60,57",
09-09-2020,12:03,08-09-2020,FUNDSHARE UCITS EUR CASH FUND,NL0010661914,"Conversão do Fundo do Mercado Monetário: Vende 61,5626 @ 0,9839 EUR",,,,EUR,"60,57",
08-09-2020,00:00,07-09-2020,FUNDSHARE UCITS EUR CASH FUND,NL0010661914,Alteração do preço do Fundo do Mercado Monetário (EUR),,EUR,"-0,01",EUR,"60,57",
03-09-2020,00:00,02-09-2020,FUNDSHARE UCITS EUR CASH FUND,NL0010661914,Alteração do preço do Fundo do Mercado Monetário (EUR),,EUR,"-0,01",EUR,"60,58",
27-08-2020,00:00,26-08-2020,FUNDSHARE UCITS EUR CASH FUND,NL0010661914,Alteração do preço do Fundo do Mercado Monetário (EUR),,EUR,"-0,01",EUR,"60,58",
21-08-2020,00:00,20-08-2020,FUNDSHARE UCITS EUR CASH FUND,NL0010661914,Alteração do preço do Fundo do Mercado Monetário (EUR),,EUR,"-0,01",EUR,"60,59",
14-08-2020,00:00,13-08-2020,FUNDSHARE UCITS EUR CASH FUND,NL0010661914,Alteração do preço do Fundo do Mercado Monetário (EUR),,EUR,"-0,01",EUR,"60,60",
06-08-2020,00:00,05-08-2020,FUNDSHARE UCITS EUR CASH FUND,NL0010661914,Alteração do preço do Fundo do Mercado Monetário (EUR),,EUR,"-0,01",EUR,"60,60",
05-08-2020,00:00,04-08-2020,FUNDSHARE UCITS EUR CASH FUND,NL0010661914,Alteração do preço do Fundo do Mercado Monetário (EUR),,EUR,"-0,01",EUR,"60,61",
04-08-2020,14:15,03-08-2020,FUNDSHARE UCITS EUR CASH FUND,NL0010661914,"Conversão do Fundo do Mercado Monetário: Vende 821,3488 @ 0,9846 EUR",,,,EUR,"60,61",
03-08-2020,13:42,03-08-2020,"J.MARTINS,SGPS",PTJMT0AE0001,Comissão de transação,,EUR,"-0,50",EUR,"60,61",a511fa9c-5287-4a33-a4ac-6fed3a627337
03-08-2020,13:42,03-08-2020,"J.MARTINS,SGPS",PTJMT0AE0001,Comissão de transação,,EUR,"-0,40",EUR,"61,11",a511fa9c-5287-4a33-a4ac-6fed3a627337
03-08-2020,13:42,03-08-2020,"J.MARTINS,SGPS",PTJMT0AE0001,"Compra 56 J.MARTINS,SGPS@14,425 EUR (PTJMT0AE0001)",,EUR,"-807,80",EUR,"61,51",a511fa9c-5287-4a33-a4ac-6fed3a627337
31-07-2020,12:03,30-07-2020,FUNDSHARE UCITS EUR CASH FUND,NL0010661914,"Conversão do Fundo do Mercado Monetário: Vende 101,4066 @ 0,9846 EUR",,,,EUR,"869,31",
30-07-2020,17:37,30-07-2020,"J.MARTINS,SGPS",PTJMT0AE0001,Comissão de transação,,EUR,"-0,50",EUR,"869,31",2faf707b-81d5-43aa-b944-befab684c068
30-07-2020,17:37,30-07-2020,"J.MARTINS,SGPS",PTJMT0AE0001,Comissão de transação,,EUR,"-0,05",EUR,"869,81",2faf707b-81d5-43aa-b944-befab684c068
30-07-2020,17:37,30-07-2020,"J.MARTINS,SGPS",PTJMT0AE0001,"Compra 7 J.MARTINS,SGPS@14,185 EUR (PTJMT0AE0001)",,EUR,"-99,30",EUR,"869,86",2faf707b-81d5-43aa-b944-befab684c068
29-07-2020,00:00,28-07-2020,FUNDSHARE UCITS EUR CASH FUND,NL0010661914,Alteração do preço do Fundo do Mercado Monetário (EUR),,EUR,"-0,10",EUR,"969,16",
28-07-2020,12:03,27-07-2020,FUNDSHARE UCITS EUR CASH FUND,NL0010661914,"Conversão do Fundo do Mercado Monetário: Compra 913,984 @ 0,9847 EUR",,,,EUR,"969,26",
27-07-2020,11:03,27-07-2020,,,Depósito,,EUR,"900,00",EUR,"969,26",
22-07-2020,00:00,21-07-2020,FUNDSHARE UCITS EUR CASH FUND,NL0010661914,Alteração do preço do Fundo do Mercado Monetário (EUR),,EUR,"-0,01",EUR,"69,26",
17-07-2020,12:03,16-07-2020,FUNDSHARE UCITS EUR CASH FUND,NL0010661914,"Conversão do Fundo do Mercado Monetário: Compra 3,5537 @ 0,9849 EUR",,,,EUR,"69,26",
17-07-2020,00:00,16-07-2020,FUNDSHARE UCITS EUR CASH FUND,NL0010661914,Alteração do preço do Fundo do Mercado Monetário (EUR),,EUR,"-0,01",EUR,"69,27",
16-07-2020,12:03,15-07-2020,FUNDSHARE UCITS EUR CASH FUND,NL0010661914,"Conversão do Fundo do Mercado Monetário: Compra 0,7919 @ 0,9849 EUR",,,,EUR,"69,27",
16-07-2020,08:30,15-07-2020,"J.MARTINS,SGPS",PTJMT0AE0001,Dividendo,,EUR,"5,38",EUR,"69,27",
16-07-2020,08:30,15-07-2020,"J.MARTINS,SGPS",PTJMT0AE0001,Imposto sobre dividendo,,EUR,"-1,88",EUR,"63,89",
15-07-2020,07:25,14-07-2020,VIDRALA,ES0183746314,Dividendo,,EUR,"0,96",EUR,"65,77",
15-07-2020,07:25,14-07-2020,VIDRALA,ES0183746314,Imposto sobre dividendo,,EUR,"-0,18",EUR,"64,81",
15-07-2020,00:00,14-07-2020,FUNDSHARE UCITS EUR CASH FUND,NL0010661914,Alteração do preço do Fundo do Mercado Monetário (EUR),,EUR,"-0,01",EUR,"64,99",
08-07-2020,00:00,07-07-2020,FUNDSHARE UCITS EUR CASH FUND,NL0010661914,Alteração do preço do Fundo do Mercado Monetário (EUR),,EUR,"-0,01",EUR,"65,00",
06-07-2020,12:03,03-07-2020,FUNDSHARE UCITS EUR CASH FUND,NL0010661914,"Conversão do Fundo do Mercado Monetário: Compra 0,0143 @ 0,9851 EUR",,,,EUR,"65,01",
03-07-2020,12:04,02-07-2020,FUNDSHARE UCITS EUR CASH FUND,NL0010661914,"Conversão do Fundo do Mercado Monetário: Vende 157,973 @ 0,9851 EUR",,,,EUR,"65,01",
03-07-2020,10:34,01-07-2020,FUNDSHARE UCITS EUR CASH FUND,NL0010661914,"Conversão do Fundo do Mercado Monetário: Vende 0,0304 @ 0,9852 EUR",,,,EUR,"65,01",
02-07-2020,11:41,02-07-2020,GALP ENERGIA-NOM,PTGAL0AM0009,Comissão de transação,,EUR,"-0,50",EUR,"65,01",a8d1e5d9-e5aa-4b20-ba9c-89001c964876
02-07-2020,11:41,02-07-2020,GALP ENERGIA-NOM,PTGAL0AM0009,Comissão de transação,,EUR,"-0,08",EUR,"65,51",a8d1e5d9-e5aa-4b20-ba9c-89001c964876
02-07-2020,11:41,02-07-2020,GALP ENERGIA-NOM,PTGAL0AM0009,"Compra 15 GALP ENERGIA-NOM@10,335 EUR (PTGAL0AM0009)",,EUR,"-155,02",EUR,"65,59",a8d1e5d9-e5aa-4b20-ba9c-89001c964876
02-07-2020,00:00,01-07-2020,FUNDSHARE UCITS EUR CASH FUND,NL0010661914,Alteração do preço do Fundo do Mercado Monetário (EUR),,EUR,"-0,02",EUR,"220,61",
01-07-2020,15:02,30-06-2020,,,Juros de posição curta,,EUR,"-0,03",EUR,"220,63",
25-06-2020,12:05,24-06-2020,FUNDSHARE UCITS EUR CASH FUND,NL0010661914,"Conversão do Fundo do Mercado Monetário: Vende 257,6931 @ 0,9853 EUR",,EUR,"0,03",EUR,"220,66",
25-06-2020,00:00,24-06-2020,FUNDSHARE UCITS EUR CASH FUND,NL0010661914,Alteração do preço do Fundo do Mercado Monetário (EUR),,EUR,"-0,05",EUR,"220,64",
24-06-2020,17:26,24-06-2020,GALP ENERGIA-NOM,PTGAL0AM0009,Comissão de transação,,EUR,"-0,50",EUR,"220,69",2904fa35-5aa9-4a05-81d5-82a9d2e35eda
24-06-2020,17:26,24-06-2020,GALP ENERGIA-NOM,PTGAL0AM0009,Comissão de transação,,EUR,"-0,08",EUR,"221,19",2904fa35-5aa9-4a05-81d5-82a9d2e35eda
24-06-2020,17:26,24-06-2020,GALP ENERGIA-NOM,PTGAL0AM0009,"Venda 15 GALP ENERGIA-NOM@10,615 EUR (PTGAL0AM0009)",,EUR,"159,22",EUR,"221,27",2904fa35-5aa9-4a05-81d5-82a9d2e35eda
24-06-2020,17:07,24-06-2020,"J.MARTINS,SGPS",PTJMT0AE0001,Comissão de transação,,EUR,"-0,50",EUR,"62,04",e6663c6b-c8fa-4a91-93ba-210acf773d41
24-06-2020,17:07,24-06-2020,"J.MARTINS,SGPS",PTJMT0AE0001,Comissão de transação,,EUR,"-0,21",EUR,"62,54",e6663c6b-c8fa-4a91-93ba-210acf773d41
24-06-2020,17:07,24-06-2020,"J.MARTINS,SGPS",PTJMT0AE0001,"Compra 26 J.MARTINS,SGPS@15,84 EUR (PTJMT0AE0001)",,EUR,"-411,84",EUR,"62,75",e6663c6b-c8fa-4a91-93ba-210acf773d41
15-06-2020,00:00,14-06-2020,FUNDSHARE UCITS EUR CASH FUND,NL0010661914,Alteração do preço do Fundo do Mercado Monetário (EUR),,EUR,"-0,05",EUR,"474,59",
08-06-2020,00:00,07-06-2020,FUNDSHARE UCITS EUR CASH FUND,NL0010661914,Alteração do preço do Fundo do Mercado Monetário (EUR),,EUR,"-0,05",EUR,"474,64",
02-06-2020,12:05,01-06-2020,FUNDSHARE UCITS EUR CASH FUND,NL0010661914,"Conversão do Fundo do Mercado Monetário: Vende 0,0202 @ 0,9855 EUR",,,,EUR,"474,69",
01-06-2020,16:46,31-05-2020,,,Juros de posição curta,,EUR,"-0,02",EUR,"474,69",
31-05-2020,00:00,30-05-2020,FUNDSHARE UCITS EUR CASH FUND,NL0010661914,Alteração do preço do Fundo do Mercado Monetário (EUR),,EUR,"-0,05",EUR,"474,71",
25-05-2020,00:00,24-05-2020,FUNDSHARE UCITS EUR CASH FUND,NL0010661914,Alteração do preço do Fundo do Mercado Monetário (EUR),,EUR,"-0,05",EUR,"474,75",
19-05-2020,12:05,18-05-2020,FUNDSHARE UCITS EUR CASH FUND,NL0010661914,"Conversão do Fundo do Mercado Monetário: Compra 6,1275 @ 0,9857 EUR",,,,EUR,"474,80",
18-05-2020,08:32,15-05-2020,ALTRI SGPS,PTALT0AE0002,Dividendo,,EUR,"9,30",EUR,"474,80",
18-05-2020,08:32,15-05-2020,ALTRI SGPS,PTALT0AE0002,Imposto sobre dividendo,,EUR,"-3,26",EUR,"465,50",
15-05-2020,00:00,14-05-2020,FUNDSHARE UCITS EUR CASH FUND,NL0010661914,Alteração do preço do Fundo do Mercado Monetário (EUR),,EUR,"-0,05",EUR,"468,76",
14-05-2020,14:01,13-05-2020,FUNDSHARE UCITS EUR CASH FUND,NL0010661914,"Conversão do Fundo do Mercado Monetário: Vende 295,5466 @ 0,9858 EUR",,,,EUR,"468,81",
13-05-2020,11:28,13-05-2020,GALP ENERGIA-NOM,PTGAL0AM0009,Comissão de transação,,EUR,"-0,50",EUR,"468,81",02247a38-ed74-4b77-be28-cf78c3e12d7c
13-05-2020,11:28,13-05-2020,GALP ENERGIA-NOM,PTGAL0AM0009,Comissão de transação,,EUR,"-0,15",EUR,"469,31",02247a38-ed74-4b77-be28-cf78c3e12d7c
13-05-2020,11:28,13-05-2020,GALP ENERGIA-NOM,PTGAL0AM0009,"Compra 30 GALP ENERGIA-NOM@9,69 EUR (PTGAL0AM0009)",,EUR,"-290,70",EUR,"469,46",02247a38-ed74-4b77-be28-cf78c3e12d7c
12-05-2020,14:25,11-05-2020,FUNDSHARE UCITS EUR CASH FUND,NL0010661914,"Conversão do Fundo do Mercado Monetário: Compra 305,7921 @ 0,9858 EUR",,,,EUR,"760,16",
11-05-2020,11:59,11-05-2020,GALP ENERGIA-NOM,PTGAL0AM0009,Comissão de transação,,EUR,"-0,50",EUR,"760,16",00f71796-f7da-4717-af9f-3f3e0983a58d
11-05-2020,11:59,11-05-2020,GALP ENERGIA-NOM,PTGAL0AM0009,Comissão de transação,,EUR,"-0,15",EUR,"760,66",00f71796-f7da-4717-af9f-3f3e0983a58d
11-05-2020,11:59,11-05-2020,GALP ENERGIA-NOM,PTGAL0AM0009,"Venda 30 GALP ENERGIA-NOM@10,07 EUR (PTGAL0AM0009)",,EUR,"302,10",EUR,"760,81",00f71796-f7da-4717-af9f-3f3e0983a58d
07-05-2020,00:00,06-05-2020,FUNDSHARE UCITS EUR CASH FUND,NL0010661914,Alteração do preço do Fundo do Mercado Monetário (EUR),,EUR,"-0,05",EUR,"458,71",
05-05-2020,00:00,04-05-2020,FUNDSHARE UCITS EUR CASH FUND,NL0010661914,Alteração do preço do Fundo do Mercado Monetário (EUR),,EUR,"-0,05",EUR,"458,76",
27-04-2020,12:04,24-04-2020,FUNDSHARE UCITS EUR CASH FUND,NL0010661914,"Conversão do Fundo do Mercado Monetário: Vende 0,0149 @ 0,986 EUR",,,,EUR,"458,80",
24-04-2020,12:04,23-04-2020,FUNDSHARE UCITS EUR CASH FUND,NL0010661914,"Conversão do Fundo do Mercado Monetário: Vende 146,6077 @ 0,986 EUR",,,,EUR,"458,80",
23-04-2020,12:05,22-04-2020,FUNDSHARE UCITS EUR CASH FUND,NL0010661914,"Conversão do Fundo do Mercado Monetário: Compra 139,4071 @ 0,9861 EUR",,EUR,"-0,01",EUR,"458,80",
23-04-2020,09:35,23-04-2020,GALP ENERGIA-NOM,PTGAL0AM0009,Comissão de transação,,EUR,"-0,50",EUR,"458,82",ecd2baed-4677-4e44-be23-0d575765cd9d
23-04-2020,09:35,23-04-2020,GALP ENERGIA-NOM,PTGAL0AM0009,Comissão de transação,,EUR,"-0,07",EUR,"459,32",ecd2baed-4677-4e44-be23-0d575765cd9d
23-04-2020,09:35,23-04-2020,GALP ENERGIA-NOM,PTGAL0AM0009,"Compra 15 GALP ENERGIA-NOM@9,6 EUR (PTGAL0AM0009)",,EUR,"-144,00",EUR,"459,39",ecd2baed-4677-4e44-be23-0d575765cd9d
23-04-2020,00:00,22-04-2020,FUNDSHARE UCITS EUR CASH FUND,NL0010661914,Alteração do preço do Fundo do Mercado Monetário (EUR),,EUR,"-0,05",EUR,"603,39",
22-04-2020,13:59,22-04-2020,GALP ENERGIA-NOM,PTGAL0AM0009,Comissão de transação,,EUR,"-0,50",EUR,"603,43",6e3c138f-008c-4801-90a9-77ef34375c29
22-04-2020,13:59,22-04-2020,GALP ENERGIA-NOM,PTGAL0AM0009,Comissão de transação,,EUR,"-0,05",EUR,"603,93",6e3c138f-008c-4801-90a9-77ef34375c29
22-04-2020,13:59,22-04-2020,GALP ENERGIA-NOM,PTGAL0AM0009,"Venda 10 GALP ENERGIA-NOM@9,234 EUR (PTGAL0AM0009)",,EUR,"92,34",EUR,"603,98",6e3c138f-008c-4801-90a9-77ef34375c29
22-04-2020,13:48,22-04-2020,GALP ENERGIA-NOM,PTGAL0AM0009,Comissão de transação,,EUR,"-0,50",EUR,"511,64",24f51313-96f1-4944-9e2a-d8c02789c5ab
22-04-2020,13:48,22-04-2020,GALP ENERGIA-NOM,PTGAL0AM0009,Comissão de transação,,EUR,"-0,02",EUR,"512,14",24f51313-96f1-4944-9e2a-d8c02789c5ab
22-04-2020,13:48,22-04-2020,GALP ENERGIA-NOM,PTGAL0AM0009,"Venda 5 GALP ENERGIA-NOM@9,24 EUR (PTGAL0AM0009)",,EUR,"46,20",EUR,"512,16",24f51313-96f1-4944-9e2a-d8c02789c5ab
20-04-2020,00:00,19-04-2020,FUNDSHARE UCITS EUR CASH FUND,NL0010661914,Alteração do preço do Fundo do Mercado Monetário (EUR),,EUR,"-0,05",EUR,"465,96",
17-04-2020,00:00,16-04-2020,FUNDSHARE UCITS EUR CASH FUND,NL0010661914,Alteração do preço do Fundo do Mercado Monetário (EUR),,EUR,"0,05",EUR,"466,01",
16-04-2020,00:00,15-04-2020,FUNDSHARE UCITS EUR CASH FUND,NL0010661914,Alteração do preço do Fundo do Mercado Monetário (EUR),,EUR,"-0,05",EUR,"465,96",
08-04-2020,00:00,07-04-2020,FUNDSHARE UCITS EUR CASH FUND,NL0010661914,Alteração do preço do Fundo do Mercado Monetário (EUR),,EUR,"-0,05",EUR,"466,01",
07-04-2020,00:00,06-04-2020,FUNDSHARE UCITS EUR CASH FUND,NL0010661914,Alteração do preço do Fundo do Mercado Monetário (EUR),,EUR,"-0,05",EUR,"466,06",
02-04-2020,12:05,01-04-2020,FUNDSHARE UCITS EUR CASH FUND,NL0010661914,"Conversão do Fundo do Mercado Monetário: Vende 5,636 @ 0,9864 EUR",,,,EUR,"466,11",
01-04-2020,11:20,31-03-2020,,,Custo de Conectividade DEGIRO 2020 (Chicago Board Options Exchange (CBOE) - CBO),,EUR,"-5,00",EUR,"466,11",
01-04-2020,11:20,31-03-2020,,,Custo de Conectividade DEGIRO 2020 (Bolsa de Madrid - MAD),,EUR,"-0,56",EUR,"471,11",
01-04-2020,00:00,31-03-2020,FUNDSHARE UCITS EUR CASH FUND,NL0010661914,Alteração do preço do Fundo do Mercado Monetário (EUR),,EUR,"-0,05",EUR,"471,67",
30-03-2020,00:00,29-03-2020,FUNDSHARE UCITS EUR CASH FUND,NL0010661914,Alteração do preço do Fundo do Mercado Monetário (EUR),,EUR,"-0,14",EUR,"471,71",
27-03-2020,00:00,26-03-2020,FUNDSHARE UCITS EUR CASH FUND,NL0010661914,Alteração do preço do Fundo do Mercado Monetário (EUR),,EUR,"0,10",EUR,"471,86",
25-03-2020,00:00,24-03-2020,FUNDSHARE UCITS EUR CASH FUND,NL0010661914,Alteração do preço do Fundo do Mercado Monetário (EUR),,EUR,"-0,05",EUR,"471,76",
20-03-2020,00:00,19-03-2020,FUNDSHARE UCITS EUR CASH FUND,NL0010661914,Alteração do preço do Fundo do Mercado Monetário (EUR),,EUR,"-0,05",EUR,"471,81",
19-03-2020,00:00,18-03-2020,FUNDSHARE UCITS EUR CASH FUND,NL0010661914,Alteração do preço do Fundo do Mercado Monetário (EUR),,EUR,"-0,05",EUR,"471,86",
18-03-2020,16:20,18-03-2020,VIX 15 P 18MAR20,,EXPIRAÇÃO DE OPÇÃO (OUT OF THE MONEY): Venda 1 VIX 15 P 18MAR20@0 USD (),,USD,"0,00",USD,"0,00",
17-03-2020,00:00,16-03-2020,FUNDSHARE UCITS EUR CASH FUND,NL0010661914,Alteração do preço do Fundo do Mercado Monetário (EUR),,EUR,"-0,05",EUR,"471,91",
16-03-2020,00:00,15-03-2020,FUNDSHARE UCITS EUR CASH FUND,NL0010661914,Alteração do preço do Fundo do Mercado Monetário (EUR),,EUR,"-0,05",EUR,"471,95",
13-03-2020,00:00,12-03-2020,FUNDSHARE UCITS EUR CASH FUND,NL0010661914,Alteração do preço do Fundo do Mercado Monetário (EUR),,EUR,"-0,05",EUR,"472,00",
11-03-2020,00:00,10-03-2020,FUNDSHARE UCITS EUR CASH FUND,NL0010661914,Alteração do preço do Fundo do Mercado Monetário (EUR),,EUR,"-0,05",EUR,"472,05",
10-03-2020,00:00,09-03-2020,FUNDSHARE UCITS EUR CASH FUND,NL0010661914,Alteração do preço do Fundo do Mercado Monetário (EUR),,EUR,"-0,05",EUR,"472,10",
09-03-2020,14:47,06-03-2020,FUNDSHARE UCITS EUR CASH FUND,NL0010661914,"Conversão do Fundo do Mercado Monetário: Compra 455,7423 @ 0,9874 EUR",,,,EUR,"472,14",
06-03-2020,10:53,06-03-2020,,,Depósito,,EUR,"450,00",EUR,"472,14",
04-03-2020,00:00,03-03-2020,FUNDSHARE UCITS EUR CASH FUND,NL0010661914,Alteração do preço do Fundo do Mercado Monetário (EUR),,EUR,"-0,00",EUR,"22,14",
03-03-2020,15:53,02-03-2020,FUNDSHARE UCITS EUR CASH FUND,NL0010661914,"Conversão do Fundo do Mercado Monetário: Vende 15,1289 @ 0,9875 EUR",,,,EUR,"22,15",
01-03-2020,15:49,29-02-2020,,,Custo de Conectividade DEGIRO 2020 (Chicago Board Options Exchange (CBOE) - CBO),,EUR,"-5,00",EUR,"22,15",
27-02-2020,17:49,27-02-2020,VIX 15 P 18MAR20,,Crédito de divisa,"1,0968",USD,"10,00",USD,"0,00",bc0d7162-fd48-445b-8770-94b23d2be771
27-02-2020,17:49,27-02-2020,VIX 15 P 18MAR20,,Levantamento de divisa,,EUR,"-9,12",EUR,"27,15",bc0d7162-fd48-445b-8770-94b23d2be771
27-02-2020,17:49,27-02-2020,VIX 15 P 18MAR20,,Comissão de transação,,EUR,"-0,82",EUR,"36,27",bc0d7162-fd48-445b-8770-94b23d2be771
27-02-2020,17:49,27-02-2020,VIX 15 P 18MAR20,,"Compra 1 VIX 15 P 18MAR20@0,1 USD ()",,USD,"-10,00",USD,"-10,00",bc0d7162-fd48-445b-8770-94b23d2be771
24-02-2020,00:00,23-02-2020,FUNDSHARE UCITS EUR CASH FUND,NL0010661914,Alteração do preço do Fundo do Mercado Monetário (EUR),,EUR,"-0,00",EUR,"37,09",
18-02-2020,15:26,17-02-2020,FUNDSHARE UCITS EUR CASH FUND,NL0010661914,"Conversão do Fundo do Mercado Monetário: Compra 2,0753 @ 0,9876 EUR",,,,EUR,"37,09",
17-02-2020,00:00,16-02-2020,FUNDSHARE UCITS EUR CASH FUND,NL0010661914,Alteração do preço do Fundo do Mercado Monetário (EUR),,EUR,"-0,00",EUR,"37,09",
15-02-2020,04:23,14-02-2020,VIDRALA,ES0183746314,Dividendo,,EUR,"2,53",EUR,"37,09",
15-02-2020,04:23,14-02-2020,VIDRALA,ES0183746314,Imposto sobre dividendo,,EUR,"-0,48",EUR,"34,56",
12-02-2020,00:00,11-02-2020,FUNDSHARE UCITS EUR CASH FUND,NL0010661914,Alteração do preço do Fundo do Mercado Monetário (EUR),,EUR,"-0,00",EUR,"35,04",
11-02-2020,00:00,10-02-2020,FUNDSHARE UCITS EUR CASH FUND,NL0010661914,Alteração do preço do Fundo do Mercado Monetário (EUR),,EUR,"0,00",EUR,"35,05",
07-02-2020,00:00,06-02-2020,FUNDSHARE UCITS EUR CASH FUND,NL0010661914,Alteração do preço do Fundo do Mercado Monetário (EUR),,EUR,"-0,00",EUR,"35,04",
04-02-2020,12:05,03-02-2020,FUNDSHARE UCITS EUR CASH FUND,NL0010661914,"Conversão do Fundo do Mercado Monetário: Vende 1,9638 @ 0,9878 EUR",,,,EUR,"35,05",
03-02-2020,10:13,31-01-2020,,,Custo de Conectividade DEGIRO 2020 (Bolsa de Madrid - MAD),,EUR,"-1,94",EUR,"35,05",
03-02-2020,00:00,02-02-2020,FUNDSHARE UCITS EUR CASH FUND,NL0010661914,Alteração do preço do Fundo do Mercado Monetário (EUR),,EUR,"-0,00",EUR,"36,99",
28-01-2020,00:00,27-01-2020,FUNDSHARE UCITS EUR CASH FUND,NL0010661914,Alteração do preço do Fundo do Mercado Monetário (EUR),,EUR,"-0,00",EUR,"36,99",
22-01-2020,00:00,21-01-2020,FUNDSHARE UCITS EUR CASH FUND,NL0010661914,Alteração do preço do Fundo do Mercado Monetário (EUR),,EUR,"0,00",EUR,"37,00",
17-01-2020,00:00,16-01-2020,FUNDSHARE UCITS EUR CASH FUND,NL0010661914,Alteração do preço do Fundo do Mercado Monetário (EUR),,EUR,"-0,01",EUR,"36,99",
16-01-2020,00:00,15-01-2020,FUNDSHARE UCITS EUR CASH FUND,NL0010661914,Alteração do preço do Fundo do Mercado Monetário (EUR),,EUR,"0,00",EUR,"37,00",
15-01-2020,00:00,14-01-2020,FUNDSHARE UCITS EUR CASH FUND,NL0010661914,Alteração do preço do Fundo do Mercado Monetário (EUR),,EUR,"-0,00",EUR,"37,00",
14-01-2020,00:00,13-01-2020,FUNDSHARE UCITS EUR CASH FUND,NL0010661914,Alteração do preço do Fundo do Mercado Monetário (EUR),,EUR,"-0,00",EUR,"37,00",
02-01-2020,00:00,01-01-2020,FUNDSHARE UCITS EUR CASH FUND,NL0010661914,Alteração do preço do Fundo do Mercado Monetário (EUR),,EUR,"-0,01",EUR,"37,00",
22-12-2019,18:53,20-12-2019,ROY P26.00 20DEC19,DE000C2B7R62,EXPIRAÇÃO DE OPÇÃO (OUT OF THE MONEY): Venda 1 ROY P26.00 20DEC19@0 EUR (DE000C2B7R62),,EUR,"0,00",EUR,"37,01",
20-12-2019,00:00,19-12-2019,FUNDSHARE UCITS EUR CASH FUND,NL0010661914,Alteração do preço do Fundo do Mercado Monetário (EUR),,EUR,"0,00",EUR,"37,01",
19-12-2019,00:00,18-12-2019,FUNDSHARE UCITS EUR CASH FUND,NL0010661914,Alteração do preço do Fundo do Mercado Monetário (EUR),,EUR,"-0,00",EUR,"37,01",
18-12-2019,00:00,17-12-2019,FUNDSHARE UCITS EUR CASH FUND,NL0010661914,Alteração do preço do Fundo do Mercado Monetário (EUR),,EUR,"-0,00",EUR,"37,01",
17-12-2019,00:00,16-12-2019,FUNDSHARE UCITS EUR CASH FUND,NL0010661914,Alteração do preço do Fundo do Mercado Monetário (EUR),,EUR,"0,00",EUR,"37,02",
16-12-2019,00:00,15-12-2019,FUNDSHARE UCITS EUR CASH FUND,NL0010661914,Alteração do preço do Fundo do Mercado Monetário (EUR),,EUR,"-0,00",EUR,"37,01",
06-12-2019,00:00,05-12-2019,FUNDSHARE UCITS EUR CASH FUND,NL0010661914,Alteração do preço do Fundo do Mercado Monetário (EUR),,EUR,"-0,00",EUR,"37,02",
03-12-2019,13:57,02-12-2019,FUNDSHARE UCITS EUR CASH FUND,NL0010661914,"Conversão do Fundo do Mercado Monetário: Vende 5,0538 @ 0,9888 EUR",,,,EUR,"37,02",
03-12-2019,00:00,02-12-2019,FUNDSHARE UCITS EUR CASH FUND,NL0010661914,Alteração do preço do Fundo do Mercado Monetário (EUR),,EUR,"-0,00",EUR,"37,02",
02-12-2019,09:43,30-11-2019,,,Custo de Conectividade DEGIRO 2019 (Chicago Board Options Exchange (CBOE) - CBO),,EUR,"-5,00",EUR,"37,02",
20-11-2019,00:00,19-11-2019,FUNDSHARE UCITS EUR CASH FUND,NL0010661914,Alteração do preço do Fundo do Mercado Monetário (EUR),,EUR,"-0,00",EUR,"42,02",
18-11-2019,00:00,17-11-2019,FUNDSHARE UCITS EUR CASH FUND,NL0010661914,Alteração do preço do Fundo do Mercado Monetário (EUR),,EUR,"-0,00",EUR,"42,03",
14-11-2019,00:00,13-11-2019,FUNDSHARE UCITS EUR CASH FUND,NL0010661914,Alteração do preço do Fundo do Mercado Monetário (EUR),,EUR,"-0,00",EUR,"42,03",
13-11-2019,12:04,12-11-2019,FUNDSHARE UCITS EUR CASH FUND,NL0010661914,"Conversão do Fundo do Mercado Monetário: Compra 26,5365 @ 0,9891 EUR",,,,EUR,"42,04",
12-11-2019,15:31,12-11-2019,VIX 13 P 20NOV19,,Levantamento de divisa,"1,1029",USD,"-30,00",USD,"0,00",f478f9bb-b0d4-4c06-bcfb-142743d4533e
12-11-2019,15:31,12-11-2019,VIX 13 P 20NOV19,,Crédito de divisa,,EUR,"27,20",EUR,"42,04",f478f9bb-b0d4-4c06-bcfb-142743d4533e
12-11-2019,15:31,12-11-2019,VIX 13 P 20NOV19,,Comissão de transação,,EUR,"-0,95",EUR,"14,84",f478f9bb-b0d4-4c06-bcfb-142743d4533e
12-11-2019,15:31,12-11-2019,VIX 13 P 20NOV19,,"Venda 1 VIX 13 P 20NOV19@0,3 USD ()",,USD,"30,00",USD,"30,00",f478f9bb-b0d4-4c06-bcfb-142743d4533e
11-11-2019,00:00,10-11-2019,FUNDSHARE UCITS EUR CASH FUND,NL0010661914,Alteração do preço do Fundo do Mercado Monetário (EUR),,EUR,"-0,00",EUR,"15,79",
05-11-2019,13:14,04-11-2019,FUNDSHARE UCITS EUR CASH FUND,NL0010661914,"Conversão do Fundo do Mercado Monetário: Compra 2,9012 @ 0,9894 EUR",,,,EUR,"15,79",
05-11-2019,10:22,01-11-2019,FUNDSHARE UCITS EUR CASH FUND,NL0010661914,"Conversão do Fundo do Mercado Monetário: Vende 5,0597 @ 0,9894 EUR",,,,EUR,"15,79",
05-11-2019,00:00,04-11-2019,FUNDSHARE UCITS EUR CASH FUND,NL0010661914,Alteração do preço do Fundo do Mercado Monetário (EUR),,EUR,"-0,00",EUR,"15,79",
04-11-2019,08:01,04-11-2019,INDITEX,ES0148396007,Dividendo,,EUR,"3,52",EUR,"15,79",
04-11-2019,08:01,04-11-2019,INDITEX,ES0148396007,Imposto sobre dividendo,,EUR,"-0,65",EUR,"12,27",
01-11-2019,09:35,31-10-2019,,,Custo de Conectividade DEGIRO 2019 (Chicago Board Options Exchange (CBOE) - CBO),,EUR,"-5,00",EUR,"12,92",
01-11-2019,00:00,31-10-2019,FUNDSHARE UCITS EUR CASH FUND,NL0010661914,Alteração do preço do Fundo do Mercado Monetário (EUR),,EUR,"0,00",EUR,"17,92",
31-10-2019,15:36,30-10-2019,FUNDSHARE UCITS EUR CASH FUND,NL0010661914,"Conversão do Fundo do Mercado Monetário: Vende 56,1445 @ 0,9894 EUR",,EUR,"0,01",EUR,"17,92",
31-10-2019,00:00,30-10-2019,FUNDSHARE UCITS EUR CASH FUND,NL0010661914,Alteração do preço do Fundo do Mercado Monetário (EUR),,EUR,"-0,01",EUR,"17,92",
30-10-2019,12:04,29-10-2019,FUNDSHARE UCITS EUR CASH FUND,NL0010661914,"Conversão do Fundo do Mercado Monetário: Compra 14,0358 @ 0,9895 EUR",,,,EUR,"17,92",
30-10-2019,00:00,29-10-2019,FUNDSHARE UCITS EUR CASH FUND,NL0010661914,Alteração do preço do Fundo do Mercado Monetário (EUR),,EUR,"-0,01",EUR,"17,92",
29-10-2019,16:14,29-10-2019,VIDRALA SA -RIGHT,ES0683746970,Comissão de transação,,EUR,"-4,00",EUR,"17,93",5536f105-1713-4383-96f7-95bc5002ad44
29-10-2019,16:14,29-10-2019,VIDRALA SA -RIGHT,ES0683746970,Comissão de transação,,EUR,"-0,01",EUR,"21,93",5536f105-1713-4383-96f7-95bc5002ad44
29-10-2019,16:14,29-10-2019,VIDRALA SA -RIGHT,ES0683746970,"Venda 3 VIDRALA SA -RIGHT@3,945 EUR (ES0683746970)",,EUR,"11,84",EUR,"21,94",5536f105-1713-4383-96f7-95bc5002ad44
29-10-2019,14:31,29-10-2019,VIX 13 P 20NOV19,,Crédito de divisa,"1,1086",USD,"15,00",USD,"0,00",7ee9db52-508f-40a6-a9ff-e3ef604d0ec4
29-10-2019,14:31,29-10-2019,VIX 13 P 20NOV19,,Levantamento de divisa,,EUR,"-13,53",EUR,"10,10",7ee9db52-508f-40a6-a9ff-e3ef604d0ec4
29-10-2019,14:31,29-10-2019,VIX 13 P 20NOV19,,Comissão de transação,,EUR,"-0,95",EUR,"23,63",7ee9db52-508f-40a6-a9ff-e3ef604d0ec4
29-10-2019,14:31,29-10-2019,VIX 13 P 20NOV19,,"Compra 1 VIX 13 P 20NOV19@0,15 USD ()",,USD,"-15,00",USD,"-15,00",7ee9db52-508f-40a6-a9ff-e3ef604d0ec4
29-10-2019,14:17,29-10-2019,ROY P26.00 20DEC19,DE000C2B7R62,Comissão de transação,,EUR,"-0,90",EUR,"24,58",10ddb71d-9007-44cf-b64c-37c915cec6c2
29-10-2019,14:17,29-10-2019,ROY P26.00 20DEC19,DE000C2B7R62,"Compra 1 ROY P26.00 20DEC19@0,48 EUR (DE000C2B7R62)",,EUR,"-48,00",EUR,"25,48",10ddb71d-9007-44cf-b64c-37c915cec6c2
29-10-2019,13:01,29-10-2019,PHAROL,PTPTC0AM0009,Comissão de transação,,EUR,"-0,50",EUR,"73,48",8493c492-cfc0-4de3-a304-e68d837bc014
29-10-2019,13:01,29-10-2019,PHAROL,PTPTC0AM0009,Comissão de transação,,EUR,"-0,01",EUR,"73,98",8493c492-cfc0-4de3-a304-e68d837bc014
29-10-2019,13:01,29-10-2019,PHAROL,PTPTC0AM0009,"Venda 145 PHAROL@0,0993 EUR (PTPTC0AM0009)",,EUR,"14,40",EUR,"73,99",8493c492-cfc0-4de3-a304-e68d837bc014
28-10-2019,08:41,28-10-2019,VIDRALA SA -RIGHT,ES0683746970,EMISSÃO DE DIREITOS: Compra 3 VIDRALA SA -RIGHT@0 EUR (ES0683746970),,EUR,"0,00",EUR,"59,60",
28-10-2019,00:00,27-10-2019,FUNDSHARE UCITS EUR CASH FUND,NL0010661914,Alteração do preço do Fundo do Mercado Monetário (EUR),,EUR,"-0,01",EUR,"59,60",
22-10-2019,00:00,21-10-2019,FUNDSHARE UCITS EUR CASH FUND,NL0010661914,Alteração do preço do Fundo do Mercado Monetário (EUR),,EUR,"0,01",EUR,"59,60",
17-10-2019,00:00,16-10-2019,FUNDSHARE UCITS EUR CASH FUND,NL0010661914,Alteração do preço do Fundo do Mercado Monetário (EUR),,EUR,"-0,01",EUR,"59,60",
11-10-2019,00:00,10-10-2019,FUNDSHARE UCITS EUR CASH FUND,NL0010661914,Alteração do preço do Fundo do Mercado Monetário (EUR),,EUR,"-0,01",EUR,"59,60",
10-10-2019,00:00,09-10-2019,FUNDSHARE UCITS EUR CASH FUND,NL0010661914,Alteração do preço do Fundo do Mercado Monetário (EUR),,EUR,"-0,01",EUR,"59,61",
08-10-2019,00:00,07-10-2019,FUNDSHARE UCITS EUR CASH FUND,NL0010661914,Alteração do preço do Fundo do Mercado Monetário (EUR),,EUR,"-0,02",EUR,"59,61",
01-10-2019,00:00,30-09-2019,FUNDSHARE UCITS EUR CASH FUND,NL0010661914,Alteração do preço do Fundo do Mercado Monetário (EUR),,EUR,"0,01",EUR,"59,63",
30-09-2019,00:00,29-09-2019,FUNDSHARE UCITS EUR CASH FUND,NL0010661914,Alteração do preço do Fundo do Mercado Monetário (EUR),,EUR,"-0,01",EUR,"59,63",
25-09-2019,00:00,24-09-2019,FUNDSHARE UCITS EUR CASH FUND,NL0010661914,Alteração do preço do Fundo do Mercado Monetário (EUR),,EUR,"-0,01",EUR,"59,63",
20-09-2019,00:00,19-09-2019,FUNDSHARE UCITS EUR CASH FUND,NL0010661914,Alteração do preço do Fundo do Mercado Monetário (EUR),,EUR,"-0,01",EUR,"59,64",
18-09-2019,00:00,17-09-2019,FUNDSHARE UCITS EUR CASH FUND,NL0010661914,Alteração do preço do Fundo do Mercado Monetário (EUR),,EUR,"0,01",EUR,"59,64",
16-09-2019,00:00,15-09-2019,FUNDSHARE UCITS EUR CASH FUND,NL0010661914,Alteração do preço do Fundo do Mercado Monetário (EUR),,EUR,"-0,01",EUR,"59,64",
13-09-2019,00:00,12-09-2019,FUNDSHARE UCITS EUR CASH FUND,NL0010661914,Alteração do preço do Fundo do Mercado Monetário (EUR),,EUR,"-0,01",EUR,"59,64",
05-09-2019,00:00,04-09-2019,FUNDSHARE UCITS EUR CASH FUND,NL0010661914,Alteração do preço do Fundo do Mercado Monetário (EUR),,EUR,"-0,01",EUR,"59,65",
04-09-2019,00:00,03-09-2019,FUNDSHARE UCITS EUR CASH FUND,NL0010661914,Alteração do preço do Fundo do Mercado Monetário (EUR),,EUR,"-0,01",EUR,"59,66",
03-09-2019,16:00,02-09-2019,FUNDSHARE UCITS EUR CASH FUND,NL0010661914,"Conversão do Fundo do Mercado Monetário: Vende 2,3016 @ 0,9906 EUR",,,,EUR,"59,66",
02-09-2019,09:13,31-08-2019,,,Custo de Conectividade DEGIRO 2019 (Euronext NYSE Liffe - LFF),,EUR,"-2,28",EUR,"59,66",
28-08-2019,00:00,27-08-2019,FUNDSHARE UCITS EUR CASH FUND,NL0010661914,Alteração do preço do Fundo do Mercado Monetário (EUR),,EUR,"-0,01",EUR,"61,94",
21-08-2019,00:00,20-08-2019,FUNDSHARE UCITS EUR CASH FUND,NL0010661914,Alteração do preço do Fundo do Mercado Monetário (EUR),,EUR,"-0,01",EUR,"61,95",
19-08-2019,00:00,18-08-2019,FUNDSHARE UCITS EUR CASH FUND,NL0010661914,Alteração do preço do Fundo do Mercado Monetário (EUR),,EUR,"0,01",EUR,"61,96",
17-08-2019,10:54,16-08-2019,BGPA P2.90 16AUG19,DE000C37XB05,EXPIRAÇÃO DE OPÇÃO (OUT OF THE MONEY): Venda 3 BGPA P2.90 16AUG19@0 EUR (DE000C37XB05),,EUR,"0,00",EUR,"61,95",
17-08-2019,10:54,16-08-2019,ABBN P17.60 16AUG19,DE000C3Y0HJ5,EXPIRAÇÃO DE OPÇÃO (OUT OF THE MONEY): Venda 1 ABBN P17.60 16AUG19@0 CHF (DE000C3Y0HJ5),,CHF,"0,00",CHF,"0,00",
17-08-2019,10:54,16-08-2019,RD C27.00 16AUG19,NLENX5106507,EXPIRAÇÃO DE OPÇÃO (OUT OF THE MONEY): Venda 1 RD C27.00 16AUG19@0 EUR (NLENX5106507),,EUR,"0,00",EUR,"61,95",
16-08-2019,00:00,15-08-2019,FUNDSHARE UCITS EUR CASH FUND,NL0010661914,Alteração do preço do Fundo do Mercado Monetário (EUR),,EUR,"-0,01",EUR,"61,95",
15-08-2019,00:00,14-08-2019,FUNDSHARE UCITS EUR CASH FUND,NL0010661914,Alteração do preço do Fundo do Mercado Monetário (EUR),,EUR,"-0,01",EUR,"61,96",
14-08-2019,00:00,13-08-2019,FUNDSHARE UCITS EUR CASH FUND,NL0010661914,Alteração do preço do Fundo do Mercado Monetário (EUR),,EUR,"0,01",EUR,"61,96",
13-08-2019,00:00,12-08-2019,FUNDSHARE UCITS EUR CASH FUND,NL0010661914,Alteração do preço do Fundo do Mercado Monetário (EUR),,EUR,"-0,01",EUR,"61,96",
08-08-2019,12:04,07-08-2019,FUNDSHARE UCITS EUR CASH FUND,NL0010661914,"Conversão do Fundo do Mercado Monetário: Vende 51,1087 @ 0,9909 EUR",,,,EUR,"61,96",
06-08-2019,16:37,06-08-2019,BGPA P2.90 16AUG19,DE000C37XB05,Comissão de transação,,EUR,"-2,70",EUR,"61,96",a2d285c6-d561-4b58-bb58-8f9fa3dc6d60
06-08-2019,16:37,06-08-2019,BGPA P2.90 16AUG19,DE000C37XB05,"Compra 3 BGPA P2.90 16AUG19@0,05 EUR (DE000C37XB05)",,EUR,"-15,00",EUR,"64,66",a2d285c6-d561-4b58-bb58-8f9fa3dc6d60
06-08-2019,16:31,06-08-2019,ABBN P17.60 16AUG19,DE000C3Y0HJ5,Crédito de divisa,"1,0924",CHF,"35,00",CHF,"0,00",ac0f6221-880e-41c4-afb1-e11c590c09fe
06-08-2019,16:31,06-08-2019,ABBN P17.60 16AUG19,DE000C3Y0HJ5,Levantamento de divisa,,EUR,"-32,04",EUR,"79,66",ac0f6221-880e-41c4-afb1-e11c590c09fe
06-08-2019,16:31,06-08-2019,ABBN P17.60 16AUG19,DE000C3Y0HJ5,Comissão de transação,,EUR,"-0,90",EUR,"111,70",ac0f6221-880e-41c4-afb1-e11c590c09fe
06-08-2019,16:31,06-08-2019,ABBN P17.60 16AUG19,DE000C3Y0HJ5,"Compra 1 ABBN P17.60 16AUG19@0,35 CHF (DE000C3Y0HJ5)",,CHF,"-35,00",CHF,"-35,00",ac0f6221-880e-41c4-afb1-e11c590c09fe
05-08-2019,00:00,04-08-2019,FUNDSHARE UCITS EUR CASH FUND,NL0010661914,Alteração do preço do Fundo do Mercado Monetário (EUR),,EUR,"-0,01",EUR,"112,60",
02-08-2019,12:03,01-08-2019,FUNDSHARE UCITS EUR CASH FUND,NL0010661914,"Conversão do Fundo do Mercado Monetário: Vende 36,3233 @ 0,991 EUR",,,,EUR,"112,61",
01-08-2019,14:22,01-08-2019,RD C27.00 16AUG19,NLENX5106507,Comissão de transação,,EUR,"-1,00",EUR,"112,61",ee687472-f3d7-444a-a553-aa70bc100cc9
01-08-2019,14:22,01-08-2019,RD C27.00 16AUG19,NLENX5106507,"Compra 1 RD C27.00 16AUG19@0,35 EUR (NLENX5106507)",,EUR,"-35,00",EUR,"113,61",ee687472-f3d7-444a-a553-aa70bc100cc9
01-08-2019,00:00,31-07-2019,FUNDSHARE UCITS EUR CASH FUND,NL0010661914,Alteração do preço do Fundo do Mercado Monetário (EUR),,EUR,"-0,01",EUR,"148,61",
26-07-2019,00:00,25-07-2019,FUNDSHARE UCITS EUR CASH FUND,NL0010661914,Alteração do preço do Fundo do Mercado Monetário (EUR),,EUR,"-0,01",EUR,"148,63",
16-07-2019,12:04,15-07-2019,FUNDSHARE UCITS EUR CASH FUND,NL0010661914,"Conversão do Fundo do Mercado Monetário: Compra 0,7263 @ 0,9914 EUR",,,,EUR,"148,64",
16-07-2019,00:00,15-07-2019,FUNDSHARE UCITS EUR CASH FUND,NL0010661914,Alteração do preço do Fundo do Mercado Monetário (EUR),,EUR,"-0,03",EUR,"148,64",
15-07-2019,00:00,14-07-2019,FUNDSHARE UCITS EUR CASH FUND,NL0010661914,Alteração do preço do Fundo do Mercado Monetário (EUR),,EUR,"0,01",EUR,"148,67",
13-07-2019,05:07,12-07-2019,VIDRALA,ES0183746314,Dividendo,,EUR,"0,88",EUR,"148,66",
13-07-2019,05:07,12-07-2019,VIDRALA,ES0183746314,Imposto sobre dividendo,,EUR,"-0,16",EUR,"147,78",
11-07-2019,00:00,10-07-2019,FUNDSHARE UCITS EUR CASH FUND,NL0010661914,Alteração do preço do Fundo do Mercado Monetário (EUR),,EUR,"-0,01",EUR,"147,94",
04-07-2019,00:00,03-07-2019,FUNDSHARE UCITS EUR CASH FUND,NL0010661914,Alteração do preço do Fundo do Mercado Monetário (EUR),,EUR,"-0,01",EUR,"147,95",
27-06-2019,12:03,26-06-2019,FUNDSHARE UCITS EUR CASH FUND,NL0010661914,"Conversão do Fundo do Mercado Monetário: Compra 14,7942 @ 0,9916 EUR",,,,EUR,"147,97",
27-06-2019,00:00,26-06-2019,FUNDSHARE UCITS EUR CASH FUND,NL0010661914,Alteração do preço do Fundo do Mercado Monetário (EUR),,EUR,"-0,01",EUR,"147,97",
26-06-2019,08:19,26-06-2019,ALTRI SGPS,PTALT0AE0002,Dividendo,,EUR,"22,32",EUR,"147,98",
26-06-2019,08:19,26-06-2019,ALTRI SGPS,PTALT0AE0002,Imposto sobre dividendo,,EUR,"-7,66",EUR,"125,66",
22-06-2019,14:40,21-06-2019,BMW C68.00 21JUN19,DE000C8FXPC4,EXPIRAÇÃO DE OPÇÃO (OUT OF THE MONEY): Venda 1 BMW C68.00 21JUN19@0 EUR (DE000C8FXPC4),,EUR,"0,00",EUR,"133,32",
22-06-2019,14:40,21-06-2019,CAR C17.20 21JUN19,DE000C3V8SZ4,EXPIRAÇÃO DE OPÇÃO (OUT OF THE MONEY): Venda 2 CAR C17.20 21JUN19@0 EUR (DE000C3V8SZ4),,EUR,"0,00",EUR,"133,32",
19-06-2019,00:00,18-06-2019,FUNDSHARE UCITS EUR CASH FUND,NL0010661914,Alteração do preço do Fundo do Mercado Monetário (EUR),,EUR,"-0,01",EUR,"133,32",
18-06-2019,00:00,17-06-2019,FUNDSHARE UCITS EUR CASH FUND,NL0010661914,Alteração do preço do Fundo do Mercado Monetário (EUR),,EUR,"0,01",EUR,"133,34",
17-06-2019,00:00,16-06-2019,FUNDSHARE UCITS EUR CASH FUND,NL0010661914,Alteração do preço do Fundo do Mercado Monetário (EUR),,EUR,"-0,01",EUR,"133,32",
12-06-2019,08:43,11-06-2019,B.COM.PORTUGUES,PTBCP0AM0015,Dividendo,,EUR,"0,01",EUR,"133,34",
11-06-2019,00:00,10-06-2019,FUNDSHARE UCITS EUR CASH FUND,NL0010661914,Alteração do preço do Fundo do Mercado Monetário (EUR),,EUR,"-0,01",EUR,"133,33",
06-06-2019,12:04,05-06-2019,FUNDSHARE UCITS EUR CASH FUND,NL0010661914,"Conversão do Fundo do Mercado Monetário: Vende 46,174 @ 0,9919 EUR",,,,EUR,"133,34",
06-06-2019,00:00,05-06-2019,FUNDSHARE UCITS EUR CASH FUND,NL0010661914,Alteração do preço do Fundo do Mercado Monetário (EUR),,EUR,"-0,02",EUR,"133,33",
04-06-2019,17:05,04-06-2019,CAR C17.20 21JUN19,DE000C3V8SZ4,Comissão de transação,,EUR,"-1,80",EUR,"133,35",76868da3-2dd9-416c-8bd5-303105d031d6
04-06-2019,17:05,04-06-2019,CAR C17.20 21JUN19,DE000C3V8SZ4,"Compra 2 CAR C17.20 21JUN19@0,22 EUR (DE000C3V8SZ4)",,EUR,"-44,00",EUR,"135,15",76868da3-2dd9-416c-8bd5-303105d031d6
29-05-2019,12:03,28-05-2019,FUNDSHARE UCITS EUR CASH FUND,NL0010661914,"Conversão do Fundo do Mercado Monetário: Vende 242,9135 @ 0,9919 EUR",,,,EUR,"179,15",
28-05-2019,14:27,28-05-2019,ALTRI SGPS,PTALT0AE0002,Comissão de transação,,EUR,"-0,50",EUR,"179,15",3ce6013d-50f9-4093-92b0-9bec90c6e5d9
28-05-2019,14:27,28-05-2019,ALTRI SGPS,PTALT0AE0002,Comissão de transação,,EUR,"-0,11",EUR,"179,65",3ce6013d-50f9-4093-92b0-9bec90c6e5d9
28-05-2019,14:27,28-05-2019,ALTRI SGPS,PTALT0AE0002,"Compra 31 ALTRI SGPS@6,24 EUR (PTALT0AE0002)",,EUR,"-193,44",EUR,"179,76",3ce6013d-50f9-4093-92b0-9bec90c6e5d9
28-05-2019,14:13,28-05-2019,BMW C68.00 21JUN19,DE000C8FXPC4,Comissão de transação,,EUR,"-0,90",EUR,"373,20",353d73eb-46ca-4839-bc12-803cc58345d6
28-05-2019,14:13,28-05-2019,BMW C68.00 21JUN19,DE000C8FXPC4,"Compra 1 BMW C68.00 21JUN19@0,46 EUR (DE000C8FXPC4)",,EUR,"-46,00",EUR,"374,10",353d73eb-46ca-4839-bc12-803cc58345d6
27-05-2019,00:00,26-05-2019,FUNDSHARE UCITS EUR CASH FUND,NL0010661914,Alteração do preço do Fundo do Mercado Monetário (EUR),,EUR,"-0,04",EUR,"420,10",
21-05-2019,00:00,20-05-2019,FUNDSHARE UCITS EUR CASH FUND,NL0010661914,Alteração do preço do Fundo do Mercado Monetário (EUR),,EUR,"-0,04",EUR,"420,15",
18-05-2019,12:08,17-05-2019,IBE P7.75 17MAY19,DE000C2YY0P9,EXPIRAÇÃO DE OPÇÃO (OUT OF THE MONEY): Venda 1 IBE P7.75 17MAY19@0 EUR (DE000C2YY0P9),,EUR,"0,00",EUR,"420,19",
17-05-2019,12:03,16-05-2019,FUNDSHARE UCITS EUR CASH FUND,NL0010661914,"Conversão do Fundo do Mercado Monetário: Compra 40,4153 @ 0,9921 EUR",,,,EUR,"420,19",
16-05-2019,12:10,16-05-2019,IBE C7.75 17MAY19,DE000C2YY0N4,Comissão de transação,,EUR,"-0,90",EUR,"420,19",3d8c6536-da69-4e57-a418-7b6916fc19d7
16-05-2019,12:10,16-05-2019,IBE C7.75 17MAY19,DE000C2YY0N4,"Venda 1 IBE C7.75 17MAY19@0,41 EUR (DE000C2YY0N4)",,EUR,"41,00",EUR,"421,09",3d8c6536-da69-4e57-a418-7b6916fc19d7
16-05-2019,00:00,15-05-2019,FUNDSHARE UCITS EUR CASH FUND,NL0010661914,Alteração do preço do Fundo do Mercado Monetário (EUR),,EUR,"-0,04",EUR,"380,09",
09-05-2019,00:00,08-05-2019,FUNDSHARE UCITS EUR CASH FUND,NL0010661914,Alteração do preço do Fundo do Mercado Monetário (EUR),,EUR,"-0,04",EUR,"380,13",
06-05-2019,12:04,03-05-2019,FUNDSHARE UCITS EUR CASH FUND,NL0010661914,"Conversão do Fundo do Mercado Monetário: Vende 0,2617 @ 0,9923 EUR",,,,EUR,"380,16",
03-05-2019,15:16,02-05-2019,FUNDSHARE UCITS EUR CASH FUND,NL0010661914,"Conversão do Fundo do Mercado Monetário: Compra 2,8918 @ 0,9923 EUR",,,,EUR,"380,16",
03-05-2019,13:46,30-04-2019,,,Custo de Conectividade DEGIRO 2019 (Bolsa de Madrid - MAD),,EUR,"-0,13",EUR,"380,16",
03-05-2019,13:46,30-04-2019,,,Custo de Conectividade DEGIRO 2019 (Eurex - ERX),,EUR,"-0,13",EUR,"380,29",
02-05-2019,08:25,02-05-2019,INDITEX,ES0148396007,Dividendo,,EUR,"3,52",EUR,"380,42",
02-05-2019,08:25,02-05-2019,INDITEX,ES0148396007,Imposto sobre dividendo,,EUR,"-0,65",EUR,"376,90",
02-05-2019,00:00,01-05-2019,FUNDSHARE UCITS EUR CASH FUND,NL0010661914,Alteração do preço do Fundo do Mercado Monetário (EUR),,EUR,"-0,04",EUR,"377,55",
26-04-2019,00:00,25-04-2019,FUNDSHARE UCITS EUR CASH FUND,NL0010661914,Alteração do preço do Fundo do Mercado Monetário (EUR),,EUR,"-0,04",EUR,"377,59",
25-04-2019,12:04,24-04-2019,FUNDSHARE UCITS EUR CASH FUND,NL0010661914,"Conversão do Fundo do Mercado Monetário: Vende 34,0553 @ 0,9925 EUR",,,,EUR,"377,63",
23-04-2019,09:19,23-04-2019,IBE C7.75 17MAY19,DE000C2YY0N4,Comissão de transação,,EUR,"-0,90",EUR,"377,63",bc6fb4da-29f6-48e8-b2fc-3270835c88f4
23-04-2019,09:19,23-04-2019,IBE C7.75 17MAY19,DE000C2YY0N4,"Compra 1 IBE C7.75 17MAY19@0,19 EUR (DE000C2YY0N4)",,EUR,"-19,00",EUR,"378,53",bc6fb4da-29f6-48e8-b2fc-3270835c88f4
23-04-2019,09:19,23-04-2019,IBE P7.75 17MAY19,DE000C2YY0P9,Comissão de transação,,EUR,"-0,90",EUR,"397,53",bb234210-ce6c-4227-81a5-97a0fdf1bdba
23-04-2019,09:19,23-04-2019,IBE P7.75 17MAY19,DE000C2YY0P9,"Compra 1 IBE P7.75 17MAY19@0,13 EUR (DE000C2YY0P9)",,EUR,"-13,00",EUR,"398,43",bb234210-ce6c-4227-81a5-97a0fdf1bdba
19-04-2019,12:28,18-04-2019,ABBN P19.50 18APR19,DE000C267T09,EXPIRAÇÃO DE OPÇÃO (OUT OF THE MONEY): Venda 1 ABBN P19.50 18APR19@0 CHF (DE000C267T09),,CHF,"0,00",CHF,"0,00",
18-04-2019,12:04,17-04-2019,FUNDSHARE UCITS EUR CASH FUND,NL0010661914,"Conversão do Fundo do Mercado Monetário: Compra 40,4062 @ 0,9926 EUR",,,,EUR,"411,43",
18-04-2019,00:00,17-04-2019,FUNDSHARE UCITS EUR CASH FUND,NL0010661914,Alteração do preço do Fundo do Mercado Monetário (EUR),,EUR,"-0,04",EUR,"411,43",
17-04-2019,13:07,17-04-2019,AHO P22.40 18APR19,DE000C321HA3,Comissão de transação,,EUR,"-0,90",EUR,"411,47",75c72e85-95dc-4948-b32b-0f73b6ded961
17-04-2019,13:07,17-04-2019,AHO P22.40 18APR19,DE000C321HA3,"Venda 1 AHO P22.40 18APR19@0,41 EUR (DE000C321HA3)",,EUR,"41,00",EUR,"412,37",75c72e85-95dc-4948-b32b-0f73b6ded961
15-04-2019,00:00,14-04-2019,FUNDSHARE UCITS EUR CASH FUND,NL0010661914,Alteração do preço do Fundo do Mercado Monetário (EUR),,EUR,"-0,04",EUR,"371,37",
09-04-2019,14:30,08-04-2019,FUNDSHARE UCITS EUR CASH FUND,NL0010661914,"Conversão do Fundo do Mercado Monetário: Compra 72,1695 @ 0,9927 EUR",,,,EUR,"371,41",
08-04-2019,12:03,05-04-2019,FUNDSHARE UCITS EUR CASH FUND,NL0010661914,"Conversão do Fundo do Mercado Monetário: Vende 20,699 @ 0,9928 EUR",,,,EUR,"371,41",
08-04-2019,00:00,07-04-2019,FUNDSHARE UCITS EUR CASH FUND,NL0010661914,Alteração do preço do Fundo do Mercado Monetário (EUR),,EUR,"-0,03",EUR,"371,41",
05-04-2019,15:23,04-04-2019,FUNDSHARE UCITS EUR CASH FUND,NL0010661914,"Conversão do Fundo do Mercado Monetário: Vende 20,699 @ 0,9928 EUR",,,,EUR,"371,44",
05-04-2019,14:36,05-04-2019,AIX C8.60 18APR19,DE000C321LR9,Comissão de transação,,EUR,"-0,90",EUR,"371,44",a9a8d64d-ff70-40e6-85a6-da9ab4ed56bd
05-04-2019,14:36,05-04-2019,AIX C8.60 18APR19,DE000C321LR9,"Venda 1 AIX C8.60 18APR19@0,52 EUR (DE000C321LR9)",,EUR,"52,00",EUR,"372,34",a9a8d64d-ff70-40e6-85a6-da9ab4ed56bd
04-04-2019,14:12,04-04-2019,ABBN P19.50 18APR19,DE000C267T09,Crédito de divisa,"1,1196",CHF,"22,00",CHF,"0,00",0d963adc-4c7c-4f4b-8879-6ff5fa1e4362
04-04-2019,14:12,04-04-2019,ABBN P19.50 18APR19,DE000C267T09,Levantamento de divisa,,EUR,"-19,65",EUR,"320,34",0d963adc-4c7c-4f4b-8879-6ff5fa1e4362
04-04-2019,14:12,04-04-2019,ABBN P19.50 18APR19,DE000C267T09,Comissão de transação,,EUR,"-0,90",EUR,"339,99",0d963adc-4c7c-4f4b-8879-6ff5fa1e4362
04-04-2019,14:12,04-04-2019,ABBN P19.50 18APR19,DE000C267T09,"Compra 1 ABBN P19.50 18APR19@0,22 CHF (DE000C267T09)",,CHF,"-22,00",CHF,"-22,00",0d963adc-4c7c-4f4b-8879-6ff5fa1e4362
03-04-2019,12:04,02-04-2019,FUNDSHARE UCITS EUR CASH FUND,NL0010661914,"Conversão do Fundo do Mercado Monetário: Vende 29,0663 @ 0,9929 EUR",,,,EUR,"340,89",
03-04-2019,00:00,02-04-2019,FUNDSHARE UCITS EUR CASH FUND,NL0010661914,Alteração do preço do Fundo do Mercado Monetário (EUR),,EUR,"-0,04",EUR,"340,89",
02-04-2019,13:08,02-04-2019,AIX C8.60 18APR19,DE000C321LR9,Comissão de transação,,EUR,"-0,90",EUR,"340,92",85d73fcd-7128-4434-a319-3162c9b48d5f
02-04-2019,13:08,02-04-2019,AIX C8.60 18APR19,DE000C321LR9,"Compra 1 AIX C8.60 18APR19@0,25 EUR (DE000C321LR9)",,EUR,"-25,00",EUR,"341,82",85d73fcd-7128-4434-a319-3162c9b48d5f
01-04-2019,18:24,31-03-2019,,,Custo de Conectividade DEGIRO 2019 (Bolsa de Madrid - MAD),,EUR,"-0,81",EUR,"366,82",
01-04-2019,18:24,31-03-2019,,,Custo de Conectividade DEGIRO 2019 (Eurex - ERX),,EUR,"-2,15",EUR,"367,63",
28-03-2019,12:04,27-03-2019,FUNDSHARE UCITS EUR CASH FUND,NL0010661914,"Conversão do Fundo do Mercado Monetário: Compra 352,4672 @ 0,993 EUR",,EUR,"-0,04",EUR,"369,78",
28-03-2019,00:00,27-03-2019,FUNDSHARE UCITS EUR CASH FUND,NL0010661914,Alteração do preço do Fundo do Mercado Monetário (EUR),,EUR,"-0,00",EUR,"369,82",
27-03-2019,10:49,27-03-2019,,,Depósito,,EUR,"350,00",EUR,"369,82",
26-03-2019,14:51,25-03-2019,FUNDSHARE UCITS EUR CASH FUND,NL0010661914,"Conversão do Fundo do Mercado Monetário: Vende 24,0685 @ 0,993 EUR",,,,EUR,"19,82",
25-03-2019,14:01,25-03-2019,AHO P22.40 18APR19,DE000C321HA3,Comissão de transação,,EUR,"-0,90",EUR,"19,82",94b63b1f-421f-4950-af1e-09f7c527821b
25-03-2019,14:01,25-03-2019,AHO P22.40 18APR19,DE000C321HA3,"Compra 1 AHO P22.40 18APR19@0,23 EUR (DE000C321HA3)",,EUR,"-23,00",EUR,"20,72",94b63b1f-421f-4950-af1e-09f7c527821b
19-03-2019,00:00,18-03-2019,FUNDSHARE UCITS EUR CASH FUND,NL0010661914,Alteração do preço do Fundo do Mercado Monetário (EUR),,EUR,"-0,00",EUR,"43,72",
14-03-2019,00:00,13-03-2019,FUNDSHARE UCITS EUR CASH FUND,NL0010661914,Alteração do preço do Fundo do Mercado Monetário (EUR),,EUR,"-0,00",EUR,"43,73",
06-03-2019,00:00,05-03-2019,FUNDSHARE UCITS EUR CASH FUND,NL0010661914,Alteração do preço do Fundo do Mercado Monetário (EUR),,EUR,"-0,00",EUR,"43,73",
05-03-2019,13:13,04-03-2019,FUNDSHARE UCITS EUR CASH FUND,NL0010661914,"Conversão do Fundo do Mercado Monetário: Vende 0,0704 @ 0,9933 EUR",,,,EUR,"43,73",
04-03-2019,09:09,28-02-2019,,,Custo de Conectividade DEGIRO 2019 (Bolsa de Madrid - MAD),,EUR,"-0,07",EUR,"43,73",
27-02-2019,00:00,26-02-2019,FUNDSHARE UCITS EUR CASH FUND,NL0010661914,Alteração do preço do Fundo do Mercado Monetário (EUR),,EUR,"-0,00",EUR,"43,80",
26-02-2019,00:00,25-02-2019,FUNDSHARE UCITS EUR CASH FUND,NL0010661914,Alteração do preço do Fundo do Mercado Monetário (EUR),,EUR,"0,00",EUR,"43,81",
21-02-2019,00:00,20-02-2019,FUNDSHARE UCITS EUR CASH FUND,NL0010661914,Alteração do preço do Fundo do Mercado Monetário (EUR),,EUR,"-0,00",EUR,"43,80",
18-02-2019,12:32,15-02-2019,FUNDSHARE UCITS EUR CASH FUND,NL0010661914,"Conversão do Fundo do Mercado Monetário: Compra 1,8724 @ 0,9934 EUR",,,,EUR,"43,81",
15-02-2019,03:56,14-02-2019,VIDRALA,ES0183746314,Dividendo,,EUR,"2,30",EUR,"43,81",
15-02-2019,03:56,14-02-2019,VIDRALA,ES0183746314,Imposto sobre dividendo,,EUR,"-0,44",EUR,"41,51",
14-02-2019,00:00,13-02-2019,FUNDSHARE UCITS EUR CASH FUND,NL0010661914,Alteração do preço do Fundo do Mercado Monetário (EUR),,EUR,"-0,00",EUR,"41,95",
08-02-2019,00:00,07-02-2019,FUNDSHARE UCITS EUR CASH FUND,NL0010661914,Alteração do preço do Fundo do Mercado Monetário (EUR),,EUR,"-0,00",EUR,"41,95",
05-02-2019,12:33,04-02-2019,FUNDSHARE UCITS EUR CASH FUND,NL0010661914,"Conversão do Fundo do Mercado Monetário: Compra 1,278 @ 0,9937 EUR",,,,EUR,"41,96",
05-02-2019,00:00,04-02-2019,FUNDSHARE UCITS EUR CASH FUND,NL0010661914,Alteração do preço do Fundo do Mercado Monetário (EUR),,EUR,"-0,00",EUR,"41,96",
04-02-2019,12:27,01-02-2019,FUNDSHARE UCITS EUR CASH FUND,NL0010661914,"Conversão do Fundo do Mercado Monetário: Vende 2,5562 @ 0,9937 EUR",,,,EUR,"41,96",
01-02-2019,16:27,31-01-2019,,,Custo de Conectividade DEGIRO 2019 (Bolsa de Madrid - MAD),,EUR,"1,27",EUR,"41,96",
01-02-2019,13:35,31-01-2019,,,Custo de Conectividade DEGIRO 2019 (Bolsa de Madrid - MAD),,EUR,"-1,27",EUR,"40,69",
01-02-2019,13:34,31-01-2019,,,Custo de Conectividade DEGIRO 2019 (Bolsa de Madrid - MAD),,EUR,"-1,27",EUR,"41,96",
31-01-2019,00:00,30-01-2019,FUNDSHARE UCITS EUR CASH FUND,NL0010661914,Alteração do preço do Fundo do Mercado Monetário (EUR),,EUR,"-0,00",EUR,"43,23",
24-01-2019,00:00,23-01-2019,FUNDSHARE UCITS EUR CASH FUND,NL0010661914,Alteração do preço do Fundo do Mercado Monetário (EUR),,EUR,"-0,00",EUR,"43,24",
18-01-2019,00:00,17-01-2019,FUNDSHARE UCITS EUR CASH FUND,NL0010661914,Alteração do preço do Fundo do Mercado Monetário (EUR),,EUR,"-0,00",EUR,"43,24",
16-01-2019,12:28,15-01-2019,FUNDSHARE UCITS EUR CASH FUND,NL0010661914,"Conversão do Fundo do Mercado Monetário: Vende 234,1347 @ 0,994 EUR",,,,EUR,"43,24",
15-01-2019,15:51,15-01-2019,VIDRALA,ES0183746314,Comissão de transação,,EUR,"-4,00",EUR,"43,24",6b97cd62-b3aa-4136-aa1d-e349ddf2c909
15-01-2019,15:51,15-01-2019,VIDRALA,ES0183746314,Comissão de transação,,EUR,"-0,13",EUR,"47,24",6b97cd62-b3aa-4136-aa1d-e349ddf2c909
15-01-2019,15:51,15-01-2019,VIDRALA,ES0183746314,"Compra 3 VIDRALA@76,2 EUR (ES0183746314)",,EUR,"-228,60",EUR,"47,37",6b97cd62-b3aa-4136-aa1d-e349ddf2c909
15-01-2019,12:30,14-01-2019,FUNDSHARE UCITS EUR CASH FUND,NL0010661914,"Conversão do Fundo do Mercado Monetário: Compra 271,6298 @ 0,994 EUR",,,,EUR,"275,97",
14-01-2019,10:34,14-01-2019,,,Depósito,,EUR,"270,00",EUR,"275,97",
14-01-2019,00:00,13-01-2019,FUNDSHARE UCITS EUR CASH FUND,NL0010661914,Alteração do preço do Fundo do Mercado Monetário (EUR),,EUR,"-0,00",EUR,"5,97",
08-01-2019,00:00,07-01-2019,FUNDSHARE UCITS EUR CASH FUND,NL0010661914,Alteração do preço do Fundo do Mercado Monetário (EUR),,EUR,"-0,00",EUR,"5,97",
04-01-2019,12:30,03-01-2019,FUNDSHARE UCITS EUR CASH FUND,NL0010661914,"Conversão do Fundo do Mercado Monetário: Compra 0,0101 @ 0,9943 EUR",,,,EUR,"5,98",
04-01-2019,00:00,03-01-2019,FUNDSHARE UCITS EUR CASH FUND,NL0010661914,Alteração do preço do Fundo do Mercado Monetário (EUR),,EUR,"-0,00",EUR,"5,98",
02-01-2019,16:27,31-12-2018,FUNDSHARE UCITS EUR CASH FUND,NL0010661914,Compensação de Fundos do Mercado Monetário DEGIRO,,EUR,"0,01",EUR,"5,98",
02-01-2019,00:00,01-01-2019,FUNDSHARE UCITS EUR CASH FUND,NL0010661914,Alteração do preço do Fundo do Mercado Monetário (EUR),,EUR,"-0,00",EUR,"5,97",
28-12-2018,00:00,27-12-2018,FUNDSHARE UCITS EUR CASH FUND,NL0010661914,Alteração do preço do Fundo do Mercado Monetário (EUR),,EUR,"-0,00",EUR,"5,97",
27-12-2018,00:00,26-12-2018,FUNDSHARE UCITS EUR CASH FUND,NL0010661914,Alteração do preço do Fundo do Mercado Monetário (EUR),,EUR,"-0,00",EUR,"5,97",
21-12-2018,00:00,20-12-2018,FUNDSHARE UCITS EUR CASH FUND,NL0010661914,Alteração do preço do Fundo do Mercado Monetário (EUR),,EUR,"-0,00",EUR,"5,97",
19-12-2018,00:00,18-12-2018,FUNDSHARE UCITS EUR CASH FUND,NL0010661914,Alteração do preço do Fundo do Mercado Monetário (EUR),,EUR,"-0,00",EUR,"5,97",
14-12-2018,00:00,13-12-2018,FUNDSHARE UCITS EUR CASH FUND,NL0010661914,Alteração do preço do Fundo do Mercado Monetário (EUR),,EUR,"-0,00",EUR,"5,97",
10-12-2018,00:00,09-12-2018,FUNDSHARE UCITS EUR CASH FUND,NL0010661914,Alteração do preço do Fundo do Mercado Monetário (EUR),,EUR,"-0,00",EUR,"5,97",
03-12-2018,00:00,02-12-2018,FUNDSHARE UCITS EUR CASH FUND,NL0010661914,Alteração do preço do Fundo do Mercado Monetário (EUR),,EUR,"-0,00",EUR,"5,97",
29-11-2018,00:00,28-11-2018,FUNDSHARE UCITS EUR CASH FUND,NL0010661914,Alteração do preço do Fundo do Mercado Monetário (EUR),,EUR,"-0,00",EUR,"5,97",
22-11-2018,00:00,21-11-2018,FUNDSHARE UCITS EUR CASH FUND,NL0010661914,Alteração do preço do Fundo do Mercado Monetário (EUR),,EUR,"-0,00",EUR,"5,97",
16-11-2018,00:00,15-11-2018,FUNDSHARE UCITS EUR CASH FUND,NL0010661914,Alteração do preço do Fundo do Mercado Monetário (EUR),,EUR,"-0,00",EUR,"5,97",
12-11-2018,00:00,11-11-2018,FUNDSHARE UCITS EUR CASH FUND,NL0010661914,Alteração do preço do Fundo do Mercado Monetário (EUR),,EUR,"-0,00",EUR,"5,97",
07-11-2018,00:00,06-11-2018,FUNDSHARE UCITS EUR CASH FUND,NL0010661914,Alteração do preço do Fundo do Mercado Monetário (EUR),,EUR,"-0,00",EUR,"5,97",
05-11-2018,12:16,02-11-2018,FUNDSHARE UCITS EUR CASH FUND,NL0010661914,"Conversão do Fundo do Mercado Monetário: Compra 2,4505 @ 0,9957 EUR",,,,EUR,"5,97",
05-11-2018,00:00,04-11-2018,FUNDSHARE UCITS EUR CASH FUND,NL0010661914,Alteração do preço do Fundo do Mercado Monetário (EUR),,EUR,"-0,00",EUR,"5,97",
02-11-2018,07:40,02-11-2018,INDITEX,ES0148396007,Dividendo,,EUR,"3,00",EUR,"5,97",
02-11-2018,07:40,02-11-2018,INDITEX,ES0148396007,Imposto sobre dividendo,,EUR,"-0,56",EUR,"2,97",
01-11-2018,00:00,31-10-2018,FUNDSHARE UCITS EUR CASH FUND,NL0010661914,Alteração do preço do Fundo do Mercado Monetário (EUR),,EUR,"-0,00",EUR,"3,53",
29-10-2018,00:00,28-10-2018,FUNDSHARE UCITS EUR CASH FUND,NL0010661914,Alteração do preço do Fundo do Mercado Monetário (EUR),,EUR,"-0,00",EUR,"3,53",
22-10-2018,00:00,21-10-2018,FUNDSHARE UCITS EUR CASH FUND,NL0010661914,Alteração do preço do Fundo do Mercado Monetário (EUR),,EUR,"-0,00",EUR,"3,54",
18-10-2018,00:00,17-10-2018,FUNDSHARE UCITS EUR CASH FUND,NL0010661914,Alteração do preço do Fundo do Mercado Monetário (EUR),,EUR,"-0,00",EUR,"3,54",
15-10-2018,00:00,14-10-2018,FUNDSHARE UCITS EUR CASH FUND,NL0010661914,Alteração do preço do Fundo do Mercado Monetário (EUR),,EUR,"0,00",EUR,"3,54",
10-10-2018,00:00,09-10-2018,FUNDSHARE UCITS EUR CASH FUND,NL0010661914,Alteração do preço do Fundo do Mercado Monetário (EUR),,EUR,"-0,00",EUR,"3,54",
05-10-2018,12:26,04-10-2018,FUNDSHARE UCITS EUR CASH FUND,NL0010661914,"Conversão do Fundo do Mercado Monetário: Compra 0,01 @ 0,9962 EUR",,,,EUR,"3,54",
04-10-2018,13:30,30-09-2018,FUNDSHARE UCITS EUR CASH FUND,NL0010661914,Compensação de Fundos do Mercado Monetário DEGIRO,,EUR,"0,01",EUR,"3,54",
04-10-2018,00:00,03-10-2018,FUNDSHARE UCITS EUR CASH FUND,NL0010661914,Alteração do preço do Fundo do Mercado Monetário (EUR),,EUR,"-0,00",EUR,"3,53",
01-10-2018,00:00,30-09-2018,FUNDSHARE UCITS EUR CASH FUND,NL0010661914,Alteração do preço do Fundo do Mercado Monetário (EUR),,EUR,"-0,00",EUR,"3,53",
25-09-2018,00:00,24-09-2018,FUNDSHARE UCITS EUR CASH FUND,NL0010661914,Alteração do preço do Fundo do Mercado Monetário (EUR),,EUR,"-0,00",EUR,"3,53",
20-09-2018,00:00,19-09-2018,FUNDSHARE UCITS EUR CASH FUND,NL0010661914,Alteração do preço do Fundo do Mercado Monetário (EUR),,EUR,"-0,00",EUR,"3,53",
19-09-2018,00:00,18-09-2018,FUNDSHARE UCITS EUR CASH FUND,NL0010661914,Alteração do preço do Fundo do Mercado Monetário (EUR),,EUR,"0,00",EUR,"3,53",
18-09-2018,00:00,17-09-2018,FUNDSHARE UCITS EUR CASH FUND,NL0010661914,Alteração do preço do Fundo do Mercado Monetário (EUR),,EUR,"-0,00",EUR,"3,53",
11-09-2018,00:00,10-09-2018,FUNDSHARE UCITS EUR CASH FUND,NL0010661914,Alteração do preço do Fundo do Mercado Monetário (EUR),,EUR,"-0,00",EUR,"3,53",
06-09-2018,00:00,05-09-2018,FUNDSHARE UCITS EUR CASH FUND,NL0010661914,Alteração do preço do Fundo do Mercado Monetário (EUR),,EUR,"-0,00",EUR,"3,53",
30-08-2018,00:00,29-08-2018,FUNDSHARE UCITS EUR CASH FUND,NL0010661914,Alteração do preço do Fundo do Mercado Monetário (EUR),,EUR,"-0,00",EUR,"3,53",
27-08-2018,00:00,26-08-2018,FUNDSHARE UCITS EUR CASH FUND,NL0010661914,Alteração do preço do Fundo do Mercado Monetário (EUR),,EUR,"-0,00",EUR,"3,53",
20-08-2018,00:00,19-08-2018,FUNDSHARE UCITS EUR CASH FUND,NL0010661914,Alteração do preço do Fundo do Mercado Monetário (EUR),,EUR,"-0,00",EUR,"3,53",
14-08-2018,00:00,13-08-2018,FUNDSHARE UCITS EUR CASH FUND,NL0010661914,Alteração do preço do Fundo do Mercado Monetário (EUR),,EUR,"-0,00",EUR,"3,53",
09-08-2018,00:00,08-08-2018,FUNDSHARE UCITS EUR CASH FUND,NL0010661914,Alteração do preço do Fundo do Mercado Monetário (EUR),,EUR,"-0,00",EUR,"3,53",
02-08-2018,00:00,01-08-2018,FUNDSHARE UCITS EUR CASH FUND,NL0010661914,Alteração do preço do Fundo do Mercado Monetário (EUR),,EUR,"-0,00",EUR,"3,53",
30-07-2018,00:00,29-07-2018,FUNDSHARE UCITS EUR CASH FUND,NL0010661914,Alteração do preço do Fundo do Mercado Monetário (EUR),,EUR,"-0,00",EUR,"3,53",
25-07-2018,00:00,24-07-2018,FUNDSHARE UCITS EUR CASH FUND,NL0010661914,Alteração do preço do Fundo do Mercado Monetário (EUR),,EUR,"-0,00",EUR,"3,53",
20-07-2018,00:00,19-07-2018,FUNDSHARE UCITS EUR CASH FUND,NL0010661914,Alteração do preço do Fundo do Mercado Monetário (EUR),,EUR,"-0,00",EUR,"3,53",
18-07-2018,00:00,17-07-2018,FUNDSHARE UCITS EUR CASH FUND,NL0010661914,Alteração do preço do Fundo do Mercado Monetário (EUR),,EUR,"-0,00",EUR,"3,53",
13-07-2018,00:00,12-07-2018,FUNDSHARE UCITS EUR CASH FUND,NL0010661914,Alteração do preço do Fundo do Mercado Monetário (EUR),,EUR,"-0,00",EUR,"3,53",
09-07-2018,00:00,08-07-2018,FUNDSHARE UCITS EUR CASH FUND,NL0010661914,Alteração do preço do Fundo do Mercado Monetário (EUR),,EUR,"-0,00",EUR,"3,53",
05-07-2018,22:26,04-07-2018,FUNDSHARE UCITS EUR CASH FUND,NL0010661914,"Conversão do Fundo do Mercado Monetário: Vende 0,0301 @ 0,998 EUR",,,,EUR,"3,53",
04-07-2018,17:31,30-06-2018,,,Custo de Conectividade DEGIRO 2018 (Bolsa de Madrid - MAD),,EUR,"-0,03",EUR,"3,53",
04-07-2018,00:00,03-07-2018,FUNDSHARE UCITS EUR CASH FUND,NL0010661914,Alteração do preço do Fundo do Mercado Monetário (EUR),,EUR,"-0,00",EUR,"3,56",
02-07-2018,00:00,01-07-2018,FUNDSHARE UCITS EUR CASH FUND,NL0010661914,Alteração do preço do Fundo do Mercado Monetário (EUR),,EUR,"-0,00",EUR,"3,56",
27-06-2018,00:00,26-06-2018,FUNDSHARE UCITS EUR CASH FUND,NL0010661914,Alteração do preço do Fundo do Mercado Monetário (EUR),,EUR,"-0,00",EUR,"3,56",
21-06-2018,00:00,20-06-2018,FUNDSHARE UCITS EUR CASH FUND,NL0010661914,Alteração do preço do Fundo do Mercado Monetário (EUR),,EUR,"-0,00",EUR,"3,56",
14-06-2018,00:00,13-06-2018,FUNDSHARE UCITS EUR CASH FUND,NL0010661914,Alteração do preço do Fundo do Mercado Monetário (EUR),,EUR,"-0,00",EUR,"3,56",
11-06-2018,00:00,10-06-2018,FUNDSHARE UCITS EUR CASH FUND,NL0010661914,Alteração do preço do Fundo do Mercado Monetário (EUR),,EUR,"-0,00",EUR,"3,56",
07-06-2018,22:14,06-06-2018,FUNDSHARE UCITS EUR CASH FUND,NL0010661914,"Conversão do Fundo do Mercado Monetário: Vende 0,04 @ 0,9986 EUR",,,,EUR,"3,56",
06-06-2018,16:22,31-05-2018,,,Custo de Conectividade DEGIRO 2018 (Bolsa de Madrid - MAD),,EUR,"-0,04",EUR,"3,56",
06-06-2018,09:03,04-06-2018,FUNDSHARE UCITS EUR CASH FUND,NL0010661914,"Conversão do Fundo do Mercado Monetário: Compra 0,0099 @ 0,9987 EUR",,,,EUR,"3,60",
05-06-2018,00:00,04-06-2018,FUNDSHARE UCITS EUR CASH FUND,NL0010661914,Alteração do preço do Fundo do Mercado Monetário (EUR),,EUR,"-0,00",EUR,"3,60",
04-06-2018,17:14,31-05-2018,FUNDSHARE UCITS EUR CASH FUND,NL0010661914,Compensação de Fundos do Mercado Monetário DEGIRO,,EUR,"0,01",EUR,"3,61",
30-05-2018,00:00,29-05-2018,FUNDSHARE UCITS EUR CASH FUND,NL0010661914,Alteração do preço do Fundo do Mercado Monetário (EUR),,EUR,"-0,00",EUR,"3,60",
25-05-2018,00:00,24-05-2018,FUNDSHARE UCITS EUR CASH FUND,NL0010661914,Alteração do preço do Fundo do Mercado Monetário (EUR),,EUR,"-0,00",EUR,"3,60",
23-05-2018,00:00,22-05-2018,FUNDSHARE UCITS EUR CASH FUND,NL0010661914,Alteração do preço do Fundo do Mercado Monetário (EUR),,EUR,"-0,00",EUR,"3,60",
17-05-2018,00:00,16-05-2018,FUNDSHARE UCITS EUR CASH FUND,NL0010661914,Alteração do preço do Fundo do Mercado Monetário (EUR),,EUR,"-0,00",EUR,"3,60",
10-05-2018,00:00,09-05-2018,FUNDSHARE UCITS EUR CASH FUND,NL0010661914,Alteração do preço do Fundo do Mercado Monetário (EUR),,EUR,"-0,00",EUR,"3,60",
07-05-2018,22:12,04-05-2018,FUNDSHARE UCITS EUR CASH FUND,NL0010661914,"Conversão do Fundo do Mercado Monetário: Vende 0,6405 @ 0,9992 EUR",,,,EUR,"3,60",
04-05-2018,22:17,03-05-2018,FUNDSHARE UCITS EUR CASH FUND,NL0010661914,"Conversão do Fundo do Mercado Monetário: Vende 39,9738 @ 0,9993 EUR",,,,EUR,"3,60",
04-05-2018,16:17,30-04-2018,,,Custo de Conectividade DEGIRO 2018 (Bolsa de Madrid - MAD),,EUR,"-0,64",EUR,"3,59",
04-05-2018,08:52,02-05-2018,INDITEX,ES0148396007,Imposto sobre dividendo,,EUR,"0,01",EUR,"4,23",
04-05-2018,00:00,03-05-2018,FUNDSHARE UCITS EUR CASH FUND,NL0010661914,Alteração do preço do Fundo do Mercado Monetário (EUR),,EUR,"-0,00",EUR,"4,22",
03-05-2018,22:13,02-05-2018,FUNDSHARE UCITS EUR CASH FUND,NL0010661914,"Conversão do Fundo do Mercado Monetário: Compra 2,4413 @ 0,9994 EUR",,,,EUR,"4,23",
03-05-2018,14:28,30-04-2018,FUNDSHARE UCITS EUR CASH FUND,NL0010661914,Compensação de Fundos do Mercado Monetário DEGIRO,,EUR,"0,04",EUR,"4,23",
03-05-2018,09:00,03-05-2018,PHAROL,PTPTC0AM0009,Comissão de transação,,EUR,"-0,50",EUR,"4,19",b46c2092-3580-4359-8c77-7beba3ad654e
03-05-2018,09:00,03-05-2018,PHAROL,PTPTC0AM0009,Comissão de transação,,EUR,"-0,02",EUR,"4,69",b46c2092-3580-4359-8c77-7beba3ad654e
03-05-2018,09:00,03-05-2018,PHAROL,PTPTC0AM0009,"Compra 142 PHAROL@0,278 EUR (PTPTC0AM0009)",,EUR,"-39,48",EUR,"4,71",b46c2092-3580-4359-8c77-7beba3ad654e
03-05-2018,00:00,02-05-2018,FUNDSHARE UCITS EUR CASH FUND,NL0010661914,Alteração do preço do Fundo do Mercado Monetário (EUR),,EUR,"-0,00",EUR,"44,18",
02-05-2018,07:47,02-05-2018,INDITEX,ES0148396007,Dividendo,,EUR,"3,00",EUR,"44,19",
02-05-2018,07:47,02-05-2018,INDITEX,ES0148396007,Imposto sobre dividendo,,EUR,"-0,56",EUR,"41,19",
27-04-2018,00:00,26-04-2018,FUNDSHARE UCITS EUR CASH FUND,NL0010661914,Alteração do preço do Fundo do Mercado Monetário (EUR),,EUR,"-0,00",EUR,"41,75",
23-04-2018,00:00,22-04-2018,FUNDSHARE UCITS EUR CASH FUND,NL0010661914,Alteração do preço do Fundo do Mercado Monetário (EUR),,EUR,"-0,00",EUR,"41,75",
18-04-2018,00:00,17-04-2018,FUNDSHARE UCITS EUR CASH FUND,NL0010661914,Alteração do preço do Fundo do Mercado Monetário (EUR),,EUR,"-0,00",EUR,"41,76",
12-04-2018,00:00,11-04-2018,FUNDSHARE UCITS EUR CASH FUND,NL0010661914,Alteração do preço do Fundo do Mercado Monetário (EUR),,EUR,"-0,00",EUR,"41,76",
05-04-2018,22:04,04-04-2018,FUNDSHARE UCITS EUR CASH FUND,NL0010661914,"Conversão do Fundo do Mercado Monetário: Vende 209,697 @ 0,9999 EUR",,EUR,"0,02",EUR,"41,76",
05-04-2018,00:00,04-04-2018,FUNDSHARE UCITS EUR CASH FUND,NL0010661914,Alteração do preço do Fundo do Mercado Monetário (EUR),,EUR,"-0,03",EUR,"41,74",
04-04-2018,09:00,04-04-2018,INDITEX,ES0148396007,Comissão de transação,,EUR,"-4,00",EUR,"41,77",26028c30-c151-4a02-98d6-23f88448e1d1
04-04-2018,09:00,04-04-2018,INDITEX,ES0148396007,Comissão de transação,,EUR,"-0,08",EUR,"45,77",26028c30-c151-4a02-98d6-23f88448e1d1
04-04-2018,09:00,04-04-2018,INDITEX,ES0148396007,"Compra 8 INDITEX@25,7 EUR (ES0148396007)",,EUR,"-205,60",EUR,"45,85",26028c30-c151-4a02-98d6-23f88448e1d1
03-04-2018,00:00,02-04-2018,FUNDSHARE UCITS EUR CASH FUND,NL0010661914,Alteração do preço do Fundo do Mercado Monetário (EUR),,EUR,"-0,03",EUR,"251,45",
19-03-2018,14:32,16-03-2018,FUNDSHARE UCITS EUR CASH FUND,NL0010661914,Conversão do Fundo do Mercado Monetário: Compra 250 @ 1 EUR,,,,EUR,"251,47",
16-03-2018,10:22,16-03-2018,,,Depósito,,EUR,"250,00",EUR,"251,47",
27-09-2017,10:15,26-09-2017,FUNDSHARE UCITS EUR CASH FUND,NL0010661914,"Conversão do Fundo do Mercado Monetário: Vende 2,11 @ 1 EUR",,,,EUR,"1,47",
26-09-2017,11:14,26-09-2017,B.COM.PORTUGUES,PTBCP0AM0015,Comissão de transação,,EUR,"-0,50",EUR,"1,47",12de8225-2063-4abd-a2fa-6d61b4af142c
26-09-2017,11:14,26-09-2017,B.COM.PORTUGUES,PTBCP0AM0015,"Compra 7 B.COM.PORTUGUES@0,2293 EUR (PTBCP0AM0015)",,EUR,"-1,61",EUR,"1,97",12de8225-2063-4abd-a2fa-6d61b4af142c
08-09-2017,12:59,07-09-2017,FUNDSHARE UCITS EUR CASH FUND,NL0010661914,"Conversão do Fundo do Mercado Monetário: Vende 1,42 @ 1 EUR",,,,EUR,"3,58",
06-09-2017,14:47,05-09-2017,FUNDSHARE UCITS EUR CASH FUND,NL0010661914,Conversão do Fundo do Mercado Monetário: Compra 5 @ 1 EUR,,,,EUR,"3,58",
06-09-2017,11:19,06-09-2017,PHAROL,PTPTC0AM0009,Comissão de transação,,EUR,"-0,50",EUR,"3,58",cd43098b-f417-4784-9189-b1008445f9a2
06-09-2017,11:19,06-09-2017,PHAROL,PTPTC0AM0009,"Compra 3 PHAROL@0,307 EUR (PTPTC0AM0009)",,EUR,"-0,92",EUR,"4,08",cd43098b-f417-4784-9189-b1008445f9a2
05-09-2017,16:12,16-06-2017,,,Depósito,,EUR,"5,00",EUR,"5,00",
